ISA*00*          *00*          *ZZ*PAYER          *ZZ*PROVIDER       *260617*0900*^*00501*000000001*0*P*:~GS*HP*PAYER*PROVIDER*20260617*0900*1*X*005010X221A1~ST*835*0001~BPR*I*150.00*C*ACH*CTX*01*999999999*DA*12345*1234567890**01*888888888*DA*98765*20260617~TRN*1*835000001*1234567890~CLP*CLM-001*1*100.00*100.00**HC*99213*1~NM1*QC*1*DOE*JANE****MI*ABC123~SVC*HC:99213*100.00*100.00*~CLP*CLM-002*2*200.00*155.00**HC*99214*1~NM1*QC*1*SMITH*JOHN****MI*DEF456~SVC*HC:99214*200.00*155.00*~CAS*CO*45*45.00~CLP*CLM-003*4*300.00*0.00**HC*99215*1~NM1*QC*1*JONES*MARY****MI*GHI789~SVC*HC:99215*300.00*0.00*~CAS*CO*50*300.00~CLP*CLM-004*4*150.00*0.00**HC*99212*1~NM1*QC*1*BROWN*ROBERT****MI*JKL012~SVC*HC:99212*150.00*0.00*~CAS*CO*50*150.00~MOA*********MA01~SE*22*0001~GE*1*1~IEA*1*000000001~